<?xml version="1.0" encoding="UTF-8"?><collection xmlns="http://www.loc.gov/MARC21/slim"><record><leader>00485nam--2200133-i-4500</leader><controlfield tag="001">000033963</controlfield><controlfield tag="002">20161230</controlfield><controlfield tag="005">20161230201039</controlfield><controlfield tag="008">060222s1000------------r-----000-0-eng-d</controlfield><datafield ind1=" " ind2=" " tag="080"><subfield code="a">541.183.12</subfield></datafield><datafield ind1=" " ind2=" " tag="100"><subfield code="a">Menin, Jean-pierre</subfield></datafield><datafield ind1=" " ind2=" " tag="245"><subfield code="a">Contribution a l`etude de la mobilite des cations dans les echangeurs du type polystyrene sulfone.application a l`elution d`un cation sur une colonne d`echangeur.these</subfield></datafield><datafield ind1=" " ind2=" " tag="260"><subfield code="a">Paris, Faculte Des Sciences, 1969. 76p.+35 Fig</subfield></datafield><datafield ind1=" " ind2=" " tag="852"><subfield code="a">661.183.12</subfield></datafield></record></collection>